<record><leader>00000cas a22000007a 4500</leader><controlfield tag="001">16800841</controlfield><controlfield tag="008">871002d18uu1924pauwr ne      0    0eng d</controlfield><datafield ind1=" " ind2=" " tag="010"><subfield code="a">sn 87078369 </subfield></datafield><datafield ind1=" " ind2=" " tag="040"><subfield code="a">NPH</subfield><subfield code="b">eng</subfield><subfield code="c">NPH</subfield><subfield code="d">OCLCQ</subfield></datafield><datafield ind1="0" ind2=" " tag="130"><subfield code="a">McKean Democrat (Smethport, Pa. : 1883)</subfield></datafield><datafield ind1="1" ind2="4" tag="245"><subfield code="a">The McKean Democrat.</subfield></datafield><datafield ind1="3" ind2="0" tag="246"><subfield code="a">Democrat</subfield></datafield><datafield ind1=" " ind2=" " tag="260"><subfield code="a">Smethport, M'Kean County, Pa. :</subfield><subfield code="b">Wilson &amp; Co.,</subfield><subfield code="c">-1924.</subfield></datafield><datafield ind1=" " ind2=" " tag="300"><subfield code="a">v. ;</subfield><subfield code="c">69 cm.</subfield></datafield><datafield ind1=" " ind2=" " tag="310"><subfield code="a">Weekly</subfield></datafield><datafield ind1="0" ind2=" " tag="362"><subfield code="a">-v. 48, no. 46 (Nov. 13, 1924).</subfield></datafield><datafield ind1=" " ind2=" " tag="500"><subfield code="a">Publishers: Eug. J. Miller, &lt;June 20, 1890&gt;; S.R. Linsley &amp; Co., &lt;Sept. 23, 1898&gt;.</subfield></datafield><datafield ind1=" " ind2=" " tag="588"><subfield code="a">Description based on: Vol. 5, no. 11 (July 20, 1883).</subfield></datafield><datafield ind1=" " ind2=" " tag="752"><subfield code="a">United States</subfield><subfield code="b">Pennsylvania</subfield><subfield code="c">McKean</subfield><subfield code="d">Smethport.</subfield></datafield><datafield ind1="0" ind2="0" tag="785"><subfield code="t">McKean County Democrat (Smethport, Pa. : 1924)</subfield><subfield code="w">(DLC)sn 87078368</subfield></datafield></record>